[gd_scene load_steps=5 format=2]

[ext_resource path="res://UI/BaseScreen.tscn" type="PackedScene" id=1]
[ext_resource path="res://assets/fonts/xolonium_64.tres" type="DynamicFont" id=2]
[ext_resource path="res://assets/images/buttons/home.png" type="Texture" id=3]
[ext_resource path="res://assets/images/buttons/return.png" type="Texture" id=4]

[node name="GameOverScreen" instance=ExtResource( 1 )]

[node name="VBoxContainer" parent="MarginContainer" index="0"]
custom_constants/separation = 10

[node name="Label" parent="MarginContainer/VBoxContainer" index="0"]
text = "Game Over"

[node name="Score" type="Label" parent="MarginContainer/VBoxContainer" index="1"]
margin_top = 88.0
margin_right = 440.0
margin_bottom = 166.0
custom_fonts/font = ExtResource( 2 )
text = "Score: 0"
align = 1
valign = 1

[node name="Spacing" type="Label" parent="MarginContainer/VBoxContainer" index="2"]
margin_top = 176.0
margin_right = 440.0
margin_bottom = 254.0
custom_fonts/font = ExtResource( 2 )

[node name="Highscores" type="Label" parent="MarginContainer/VBoxContainer" index="3"]
margin_top = 264.0
margin_right = 440.0
margin_bottom = 342.0
custom_fonts/font = ExtResource( 2 )
text = "Highscores:"
align = 1
valign = 1

[node name="Scores" type="VBoxContainer" parent="MarginContainer/VBoxContainer" index="4"]
margin_top = 352.0
margin_right = 440.0
margin_bottom = 352.0
custom_constants/separation = 10
__meta__ = {
"_edit_use_anchors_": false
}

[node name="Buttons" parent="MarginContainer/VBoxContainer" index="5"]
margin_top = 362.0
margin_bottom = 462.0

[node name="Home" type="TextureButton" parent="MarginContainer/VBoxContainer/Buttons" index="0" groups=[
"buttons",
]]
margin_left = 82.0
margin_right = 182.0
margin_bottom = 100.0
texture_normal = ExtResource( 3 )

[node name="Play" type="TextureButton" parent="MarginContainer/VBoxContainer/Buttons" index="1" groups=[
"buttons",
]]
margin_left = 257.0
margin_right = 357.0
margin_bottom = 100.0
texture_normal = ExtResource( 4 )

[node name="Buttons3" parent="MarginContainer/VBoxContainer" index="6"]
margin_top = 472.0
margin_bottom = 472.0

[node name="Buttons2" parent="MarginContainer/VBoxContainer" index="7"]
margin_top = 482.0
margin_bottom = 482.0
