[gd_scene load_steps=7 format=2]

[ext_resource path="res://UI/BaseScreen.tscn" type="PackedScene" id=1]
[ext_resource path="res://assets/images/buttons/audioOn.png" type="Texture" id=2]
[ext_resource path="res://assets/images/buttons/musicOn.png" type="Texture" id=3]
[ext_resource path="res://assets/fonts/Xolonium-Regular.ttf" type="DynamicFontData" id=4]
[ext_resource path="res://assets/images/buttons/return.png" type="Texture" id=5]

[sub_resource type="DynamicFont" id=1]
size = 50
font_data = ExtResource( 4 )

[node name="SettingsScreen" instance=ExtResource( 1 )]

[node name="VBoxContainer" parent="MarginContainer" index="0"]
custom_constants/separation = 80

[node name="Label" parent="MarginContainer/VBoxContainer" index="0"]
text = "Settings"

[node name="Buttons" parent="MarginContainer/VBoxContainer" index="1"]
margin_top = 158.0
margin_bottom = 258.0

[node name="Sound" type="TextureButton" parent="MarginContainer/VBoxContainer/Buttons" index="0" groups=[
"buttons",
]]
margin_left = 82.0
margin_right = 182.0
margin_bottom = 100.0
texture_normal = ExtResource( 2 )

[node name="Music" type="TextureButton" parent="MarginContainer/VBoxContainer/Buttons" index="1" groups=[
"buttons",
]]
margin_left = 257.0
margin_right = 357.0
margin_bottom = 100.0
texture_normal = ExtResource( 3 )

[node name="VBoxContainer" type="VBoxContainer" parent="MarginContainer/VBoxContainer" index="2"]
margin_top = 338.0
margin_right = 440.0
margin_bottom = 399.0
rect_pivot_offset = Vector2( -348.562, -154.305 )

[node name="Label" type="Label" parent="MarginContainer/VBoxContainer/VBoxContainer" index="0"]
margin_right = 440.0
margin_bottom = 61.0
custom_fonts/font = SubResource( 1 )
text = "Theme"
align = 1

[node name="Buttons3" parent="MarginContainer/VBoxContainer" index="3"]
margin_top = 479.0
margin_bottom = 479.0

[node name="Buttons2" parent="MarginContainer/VBoxContainer" index="4"]
margin_top = 559.0
margin_bottom = 659.0

[node name="Home" type="TextureButton" parent="MarginContainer/VBoxContainer/Buttons2" index="0" groups=[
"buttons",
]]
margin_left = 170.0
margin_right = 270.0
margin_bottom = 100.0
texture_normal = ExtResource( 5 )
